@BOOK{healy18,
AUTHOR="Kieran Healy",
TITLE="Data Visualization: A Practical Introduction",
PUBLISHER="Princeton University Press",
YEAR="2018",
}
